@inproceedings{Chrupala2015LearningLT,
  title={Learning language through pictures},
  author={Grzegorz Chrupała and \'{A}kos K\'{a}d\'{a}r  and Afra Alishahi},
  booktitle={ACL},
  year={2015}
}

@article{Kdr2016RepresentationOL,
  title={Representation of linguistic form and function in recurrent neural networks},
  author={\'{A}kos K\'{a}d\'{a}r and Grzegorz Chrupała and Afra Alishahi},
  journal={CoRR},
  year={2016},
  volume={abs/1602.08952}
}
@article{DBLP:journals/corr/RibeiroSG16,
  author    = {Marco T{\'{u}}lio Ribeiro and
               Sameer Singh and
               Carlos Guestrin},
  title     = {{Why Should I Trust You?}: Explaining the Predictions of Any Classifier},
  journal   = {CoRR},
  volume    = {abs/1602.04938},
  year      = {2016},
  url       = {http://arxiv.org/abs/1602.04938},
  timestamp = {Tue, 01 Mar 2016 17:47:25 +0100},
  biburl    = {http://dblp.uni-trier.de/rec/bib/journals/corr/RibeiroSG16},
  bibsource = {dblp computer science bibliography, http://dblp.org}
}